<?xml version="1.0" encoding="UTF-8"?><collection xmlns="http://www.loc.gov/MARC21/slim"><record><leader>00346nam--2200121-i-4500</leader><controlfield tag="001">000006022</controlfield><controlfield tag="002">20161230</controlfield><controlfield tag="005">20161230201026</controlfield><controlfield tag="008">060222s1000------------r-----000-0-eng-d</controlfield><datafield ind1=" " ind2=" " tag="245"><subfield code="a">Proceedings of the symposium on nuclear instru ments, harwell, sept., 1961</subfield></datafield><datafield ind1=" " ind2=" " tag="260"><subfield code="a">London, Heywood &amp; Co., Ltd., 1962. 252 P</subfield></datafield><datafield ind1=" " ind2=" " tag="700"><subfield code="a">Birks, J.N</subfield></datafield><datafield ind1=" " ind2=" " tag="852"><subfield code="a">17729</subfield></datafield></record></collection>